@article{harny_completeness,
	author = "Quanlong Wang",
	title = "Qutrit ZX-calculus is Complete for Stabilizer Quantum Mechanics",
	year = 2018
}
