
@book{pachos_2012, place={Cambridge}, title={Introduction to Topological Quantum Computation}, DOI={10.1017/CBO9780511792908}, publisher={Cambridge University Press}, author={Pachos, Jiannis K.}, year={2012}}

@article{RevModPhys.64.1099,
  title = {Knot theory and statistical mechanics},
  author = {Wu, F. Y.},
  journal = {Rev. Mod. Phys.},
  volume = {64},
  issue = {4},
  pages = {1099--1131},
  numpages = {0},
  year = {1992},
  month = {Oct},
  publisher = {American Physical Society},
  doi = {10.1103/RevModPhys.64.1099},
  url = {https://link.aps.org/doi/10.1103/RevModPhys.64.1099}
}

@article{Levaillant_2015,
   title={Universal gates via fusion and measurement operations onSU(2)4anyons},
   volume={92},
   ISSN={1094-1622},
   url={http://dx.doi.org/10.1103/PhysRevA.92.012301},
   DOI={10.1103/physreva.92.012301},
   number={1},
   journal={Physical Review A},
   publisher={American Physical Society (APS)},
   author={Levaillant, Claire and Bauer, Bela and Freedman, Michael and Wang, Zhenghan and Bonderson, Parsa},
   year={2015},
   month={Jul}
}


@article{Rowell_2018,
   title={Mathematics of topological quantum computing},
   volume={55},
   ISSN={1088-9485},
   url={http://dx.doi.org/10.1090/BULL/1605},
   DOI={10.1090/bull/1605},
   number={2},
   journal={Bulletin of the American Mathematical Society},
   publisher={American Mathematical Society (AMS)},
   author={Rowell, Eric C. and Wang, Zhenghan},
   year={2018},
   month={Jan},
   pages={183–238}
}


@article{Aharonov_2008,
   title={A Polynomial Quantum Algorithm for Approximating the Jones Polynomial},
   volume={55},
   ISSN={1432-0541},
   url={http://dx.doi.org/10.1007/s00453-008-9168-0},
   DOI={10.1007/s00453-008-9168-0},
   number={3},
   journal={Algorithmica},
   publisher={Springer Science and Business Media LLC},
   author={Aharonov, Dorit and Jones, Vaughan and Landau, Zeph},
   year={2008},
   month={Mar},
   pages={395–421}
}


@misc{kuperberg2014hard,
      title={How hard is it to approximate the Jones polynomial?}, 
      author={Greg Kuperberg},
      year={2014},
      eprint={0908.0512},
      archivePrefix={arXiv},
      primaryClass={quant-ph}
}

@article{jaeger_vertigan_welsh_1990, title={On the computational complexity of the Jones and Tutte polynomials}, volume={108}, DOI={10.1017/S0305004100068936}, number={1}, journal={Mathematical Proceedings of the Cambridge Philosophical Society}, publisher={Cambridge University Press}, author={Jaeger, F. and Vertigan, D. L. and Welsh, D. J. A.}, year={1990}, pages={35–53}}

@book{Kauffman2001,
  doi = {10.1142/4256},
  url = {https://doi.org/10.1142/4256},
  year = {2001},
  month = jul,
  publisher = {{WORLD} {SCIENTIFIC}},
  author = {Louis H Kauffman},
  title = {Knots and Physics}
}

@misc{gray2020hyperoptimized,
      title={Hyper-optimized tensor network contraction}, 
      author={Johnnie Gray and Stefanos Kourtis},
      year={2020},
      eprint={2002.01935},
      archivePrefix={arXiv},
      primaryClass={quant-ph}
}

@misc{backens2020again,
      title={There and back again: A circuit extraction tale}, 
      author={Miriam Backens and Hector Miller-Bakewell and Giovanni de Felice and Leo Lobski and John van de Wetering},
      year={2020},
      eprint={2003.01664},
      archivePrefix={arXiv},
      primaryClass={quant-ph}
}


@Article{Damm2002,
author={Damm, Carsten
and Holzer, Markus
and McKenzie, Pierre},
title={The complexity of tensor calculus},
journal={computational complexity},
year={2002},
volume={11},
number={1},
pages={54-89},
abstract={Tensor calculus over semirings is shown relevant to complexitytheory in unexpected ways. First, evaluating well-formed tensorformulas with explicit tensor entries is shown complete for \${\backslash}bigoplusP\$, for NP,and for \#P as the semiring varies. Indeed the permanent of a matrixis shown expressible as the value of a tensor formula in much the sameway that Berkowitz's theorem expresses its determinant. Second, restrictedtensor formulas are shown to capture the classes LOGCFL andNL, their parity counterparts \${\backslash}bigoplusLOGCFL\$ and \${\backslash}bigoplusL\$, and several othercounting classes. Finally, the known inclusions \${\backslash}NP/{\backslash}poly {\backslash}subseteq {\backslash}bigoplusP/{\backslash}poly\$, \${\backslash}LOGCFL/{\backslash}poly {\backslash}subseteq {\backslash}bigoplusLOGCFL/{\backslash}poly\$, and \${\backslash}NL/{\backslash}poly {\backslash}subseteq {\backslash}bigoplusL/{\backslash}poly\$, whichhave scattered proofs in the literature (Valiant \& Vazirani 1986; G{\'a}l\& Wigderson 1996), are shown to follow from the new characterizationsin a single blow. As an intermediate tool, we define and make use of thenatural notion of an algebraic Turing machine over a semiring \$ {\backslash}mathcal\{S\}\$.},
issn={1420-8954},
doi={10.1007/s00037-000-0170-4},
url={https://doi.org/10.1007/s00037-000-0170-4}
}

@misc{debeaudrap2020tensor,
      title={Tensor Network Rewriting Strategies for Satisfiability and Counting}, 
      author={Niel de Beaudrap and Aleks Kissinger and Konstantinos Meichanetzidis},
      year={2020},
      eprint={2004.06455},
      archivePrefix={arXiv},
      primaryClass={cs.CC}
}

@article{Coecke2011,
   title={Interacting quantum observables: categorical algebra and diagrammatics},
   volume={13},
   ISSN={1367-2630},
   url={http://dx.doi.org/10.1088/1367-2630/13/4/043016},
   DOI={10.1088/1367-2630/13/4/043016},
   number={4},
   journal={New Journal of Physics},
   publisher={IOP Publishing},
   author={Coecke, Bob and Duncan, Ross},
   year={2011},
   month={Apr},
   pages={043016}
}

@misc{wang2020completeness,
      title={Completeness of algebraic ZX-calculus over arbitrary commutative rings and semirings}, 
      author={Quanlong Wang},
      year={2020},
      eprint={1912.01003},
      archivePrefix={arXiv},
      primaryClass={quant-ph}
}

@article{Aaronson2004,
   title={Improved simulation of stabilizer circuits},
   volume={70},
   ISSN={1094-1622},
   url={http://dx.doi.org/10.1103/PhysRevA.70.052328},
   DOI={10.1103/physreva.70.052328},
   number={5},
   journal={Physical Review A},
   publisher={American Physical Society (APS)},
   author={Aaronson, Scott and Gottesman, Daniel},
   year={2004},
   month={Nov}
}



@misc{vandewetering2020zxcalculus,
      title={ZX-calculus for the working quantum computer scientist}, 
      author={John van de Wetering},
      year={2020},
      eprint={2012.13966},
      archivePrefix={arXiv},
      primaryClass={quant-ph}
}

@misc{backens2018zh,
    title={ZH: A Complete Graphical Calculus for Quantum Computations Involving Classical Non-linearity},
    author={Miriam Backens and Aleks Kissinger},
    year={2018},
    eprint={1805.02175},
    archivePrefix={arXiv},
    primaryClass={quant-ph}
}

@misc{patil2019obstacles,
    title={Obstacles to quantum annealing in a planar embedding of XORSAT},
    author={Pranay Patil and Stefanos Kourtis and Claudio Chamon and Eduardo R. Mucciolo and Andrei E. Ruckenstein},
    year={2019},
    eprint={1904.01860},
    archivePrefix={arXiv},
    primaryClass={cond-mat.stat-mech}
}

@Inbook{Karp1972,
author="Karp, Richard M.",
editor="Miller, Raymond E.
and Thatcher, James W.
and Bohlinger, Jean D.",
title="Reducibility among Combinatorial Problems",
bookTitle="Complexity of Computer Computations: Proceedings of a symposium on the Complexity of Computer Computations, held March 20--22, 1972, at the IBM Thomas J. Watson Research Center, Yorktown Heights, New York, and sponsored by the Office of Naval Research, Mathematics Program, IBM World Trade Corporation, and the IBM Research Mathematical Sciences Department",
year="1972",
publisher="Springer US",
address="Boston, MA",
pages="85--103",
abstract="A large class of computational problems involve the determination of properties of graphs, digraphs, integers, arrays of integers, finite families of finite sets, boolean formulas and elements of other countable domains. Through simple encodings from such domains into the set of words over a finite alphabet these problems can be converted into language recognition problems, and we can inquire into their computational complexity. It is reasonable to consider such a problem satisfactorily solved when an algorithm for its solution is found which terminates within a number of steps bounded by a polynomial in the length of the input. We show that a large number of classic unsolved problems of covering, matching, packing, routing, assignment and sequencing are equivalent, in the sense that either each of them possesses a polynomial-bounded algorithm or none of them does.",
isbn="978-1-4684-2001-2",
doi="10.1007/978-1-4684-2001-2_9",
url="https://doi.org/10.1007/978-1-4684-2001-2_9"
}

@article{Krom1967,
  doi = {10.1002/malq.19670130104},
  url = {https://doi.org/10.1002/malq.19670130104},
  year = {1967},
  publisher = {Wiley},
  volume = {13},
  number = {1-2},
  pages = {15--20},
  author = {M. R. Krom},
  title = {The Decision Problem for a Class of First-Order Formulas in Which all Disjunctions are Binary},
  journal = {Zeitschrift f\"{u}r Mathematische Logik und Grundlagen der Mathematik}
}

@Article{10.21468/SciPostPhys.7.5.060,
   title={{Fast counting with tensor networks}},
   author={Stefanos Kourtis and Claudio Chamon and Eduardo R. Mucciolo and Andrei E. Ruckenstein},
   journal={SciPost Phys.},
   volume={7},
   issue={5},
   pages={60},
   year={2019},
   publisher={SciPost},
   doi={10.21468/SciPostPhys.7.5.060},
   url={https://scipost.org/10.21468/SciPostPhys.7.5.060},
}

@article{PhysRevE.97.033303,
  title = {Tensor network method for reversible classical computation},
  author = {Yang, Zhi-Cheng and Kourtis, Stefanos and Chamon, Claudio and Mucciolo, Eduardo R. and Ruckenstein, Andrei E.},
  journal = {Phys. Rev. E},
  volume = {97},
  issue = {3},
  pages = {033303},
  numpages = {13},
  year = {2018},
  month = {Mar},
  publisher = {American Physical Society},
  doi = {10.1103/PhysRevE.97.033303},
  url = {https://link.aps.org/doi/10.1103/PhysRevE.97.033303}
}

@misc{wetering2019completeness,
    title={Completeness of the Phase-free ZH-calculus},
    author={John van de Wetering and Sal Wolffs},
    year={2019},
    eprint={1904.07545},
    archivePrefix={arXiv},
    primaryClass={quant-ph}
}

@book{10.5555/2086753,
author = {Moore, Cristopher and Mertens, Stephan},
title = {The Nature of Computation},
year = {2011},
isbn = {0199233217},
publisher = {Oxford University Press, Inc.},
address = {USA}
}
  
@article{valiant1979complexity,
  title={The complexity of enumeration and reliability problems},
  author={Valiant, Leslie G},
  journal={SIAM Journal on Computing},
  volume={8},
  number={3},
  pages={410--421},
  year={1979},
  publisher={SIAM}
}

@article{10.5555/2230976.2230984,
author = {Garc\'{\i}a-S\'{a}ez, Artur and Latorre, Jos\'{e} I.},
title = {An Exact Tensor Network for the 3SAT Problem},
year = {2012},
issue_date = {March 2012},
publisher = {Rinton Press, Incorporated},
address = {Paramus, NJ},
volume = {12},
number = {3–4},
issn = {1533-7146},
journal = {Quantum Info. Comput.},
month = mar,
pages = {283–292},
numpages = {10}
}
  
@misc{gogioso2014aspects,
    title={Aspects of Statistical Physics in Computational Complexity},
    author={Stefano Gogioso},
    year={2014},
    eprint={1405.3558},
    archivePrefix={arXiv},
    primaryClass={cs.CC}
}


@article{PhysRevE.100.033303,
  title = {Evaluating the Jones polynomial with tensor networks},
  author = {Meichanetzidis, Konstantinos and Kourtis, Stefanos},
  journal = {Phys. Rev. E},
  volume = {100},
  issue = {3},
  pages = {033303},
  numpages = {7},
  year = {2019},
  month = {Sep},
  publisher = {American Physical Society},
  doi = {10.1103/PhysRevE.100.033303},
  url = {https://link.aps.org/doi/10.1103/PhysRevE.100.033303}
}

