@article{harny_completeness,
	author = "Quanlong Wang",
	title = "Qutrit ZX-calculus is Complete for Stabilizer Quantum Mechanics",
	year = 2018
}

@article{backens_scalar_exact,
	author = "Miriam Backens",
	title = "Making the stabilizer ZX-calculus complete for scalars",
	year = 2015
}

@article{qutrit_exact,
	author = "Xiaoning Bian and Quanlong Wang",
	title = "Graphical Calculus for Qutrit Systems",
	year = 2011
}

@article{qutrit_dichromatic,
	author = "Quanlong Wang and Xiaoning Bian",
	title = "Qutrit Dichromatic Calculus and Its Universality",
	year = 2014
}

@article{qutrit_euler,
	author = "Xiaoyan Gong and Quanlong Wang",
	title = "Equivalence of Local Complementation and Euler Decomposition in the Qutrit ZX-calculus",
	year = 2017
}

@book{PQP,
	author = "Bob Coecke and Aleks Kissinger",
	title = "Picturing Quantum Processes",
	year = 2017
}

@article{graph_theoretic_simplification,
	author = "Ross Duncan and Aleks Kissinger and Simon Perdrix and John van de Wetering",
	title = "Graph-theoretic Simplification of Quantum Circuits with the ZX-calculus",
	year = 2020
}

@article{jones_tensors,
	author = "Konstantinos Meichanetzidis and Stefanos Kourtis",
	title = "Evaluating the Jones polynomial with tensor networks",
	year = 2018
}


